@incollection{scholkopf1997kernel,
  title={Kernel principal component analysis},
  author={Sch{\"o}lkopf, Bernhard and Smola, Alexander and M{\"u}ller, Klaus-Robert},
  booktitle={Artificial Neural Networks—ICANN'97},
  pages={583--588},
  year={1997},
  publisher={Springer}
}
@inproceedings{minka2000automatic,
  title={Automatic choice of dimensionality for PCA},
  author={Minka, Thomas P},
  booktitle={NIPS},
  volume={13},
  pages={598--604},
  year={2000}
}
@book{farebrother1999fitting,
  title={Fitting Linear Relationships: A History of the Calculus of Observations 1750-1900},
  author={Farebrother, Richard William},
  year={1999},
  publisher={Springer}
}
@article{pcaTutorial,
  title={A tutorial on principal component analysis},
  author={Shlens, Jonathon},
  journal={arXiv preprint arXiv:1404.1100},
  year={2014}
}
@incollection{wang2006kernel,
  title={Kernel principal component analysis for large scale data set},
  author={Wang, Haixian and Hu, Zilan and Zhao, Yu’e},
  booktitle={Intelligent Computing},
  pages={745--756},
  year={2006},
  publisher={Springer}
}

@inproceedings{boser1992training,
  title={A training algorithm for optimal margin classifiers},
  author={Boser, Bernhard E and Guyon, Isabelle M and Vapnik, Vladimir N},
  booktitle={Proceedings of the fifth annual workshop on Computational learning theory},
  pages={144--152},
  year={1992},
  organization={ACM}
}
@incollection{scholkopf1996incorporating,
  title={Incorporating invariances in support vector learning machines},
  author={Sch{\"o}lkopf, Bernhard and Burges, Chris and Vapnik, Vladimir},
  booktitle={Artificial Neural Networks—ICANN 96},
  pages={47--52},
  year={1996},
  publisher={Springer}
}
@article{scholkopf1998nonlinear,
  title={Nonlinear component analysis as a kernel eigenvalue problem},
  author={Sch{\"o}lkopf, Bernhard and Smola, Alexander and M{\"u}ller, Klaus-Robert},
  journal={Neural computation},
  volume={10},
  number={5},
  pages={1299--1319},
  year={1998},
  publisher={MIT Press}
}
@article{tipping1999probabilistic,
  title={Probabilistic principal component analysis},
  author={Tipping, Michael E and Bishop, Christopher M},
  journal={Journal of the Royal Statistical Society: Series B (Statistical Methodology)},
  volume={61},
  number={3},
  pages={611--622},
  year={1999},
  publisher={Wiley Online Library}
}
@article{CC01a,
 author={Chang, Chih-Chung and Lin, Chih-Jen},
 title={{LIBSVM}: A library for support vector machines},
 journal={ACM Transactions on Intelligent Systems and Technology},
 volume={2},
 issue={3},
 year={2011},
 pages={27:1--27:27},
 note={Software available at \url{http://www.csie.ntu.edu.tw/~cjlin/libsvm}}
}
@article{halko2011algorithm,
  title={An algorithm for the principal component analysis of large data sets},
  author={Halko, Nathan and Martinsson, Per-Gunnar and Shkolnisky, Yoel and Tygert, Mark},
  journal={SIAM Journal on Scientific computing},
  volume={33},
  number={5},
  pages={2580--2594},
  year={2011},
  publisher={SIAM}
}
@online{nlpca,
  author = {Matthias Scholz},
  title = {Nonlinear PCA},
  url = {http://www.nlpca.org},
  urldate = {2014-12-14}
}